<?xml version="1.0" encoding="UTF-8"?><collection xmlns="http://www.loc.gov/MARC21/slim"><record><leader>00391nam--2200145-i-4500</leader><controlfield tag="001">000043699</controlfield><controlfield tag="002">20161230</controlfield><controlfield tag="005">20161230201044</controlfield><controlfield tag="008">060222s1000------------r-----000-0-eng-d</controlfield><datafield ind1=" " ind2=" " tag="080"><subfield code="a">548:015:541.182.4</subfield></datafield><datafield ind1=" " ind2=" " tag="100"><subfield code="a">Tardieu,Annette</subfield></datafield><datafield ind1=" " ind2=" " tag="245"><subfield code="a">Etude cristallographique de systemes lipides-eau. these</subfield></datafield><datafield ind1=" " ind2=" " tag="260"><subfield code="a">Orsay, Centre D`Orsay, 1972. 122 P</subfield></datafield><datafield ind1=" " ind2=" " tag="490"><subfield code="a">Orsay, Serie A</subfield></datafield><datafield ind1=" " ind2=" " tag="852"><subfield code="a">38115</subfield></datafield></record></collection>